<?xml version="1.0" encoding="UTF-8"?>
<record xmlns="http://www.loc.gov/MARC21/slim" xmlns:xsi="http://www.w3.org/2001/XMLSchema-instance" xsi:schemaLocation="http://www.loc.gov/MARC21/slim http://www.loc.gov/standards/marcxml/schema/MARC21slim.xsd">
<leader>     cam a2200289   4500</leader>
<controlfield tag="001">002113998</controlfield>
<controlfield tag="003">NNU</controlfield>
<controlfield tag="005">20061010172345.0</controlfield>
<controlfield tag="008">931210m18881893ua       b    000 0 arar</controlfield>
<datafield tag="010" ind1=" " ind2=" ">
<subfield code="a">59039749</subfield>
</datafield>
<datafield tag="035" ind1="9" ind2=" ">
<subfield code="a">NYUb11071595</subfield>
</datafield>
<datafield tag="035" ind1=" " ind2=" ">
<subfield code="a">(CStRLIN)NYUG93-B60099</subfield>
</datafield>
<datafield tag="040" ind1=" " ind2=" ">
<subfield code="c">CU</subfield>
<subfield code="d">CStRLIN</subfield>
<subfield code="d">NNU</subfield>
</datafield>
<datafield tag="050" ind1=" " ind2="0">
<subfield code="a">Z965</subfield>
<subfield code="b">.C1373</subfield>
</datafield>
<datafield tag="066" ind1=" " ind2=" ">
<subfield code="c">(3</subfield>
</datafield>
<datafield tag="090" ind1=" " ind2=" ">
<subfield code="a">Z965</subfield>
<subfield code="b">.C1373</subfield>
</datafield>
<datafield tag="110" ind1="2" ind2=" ">
<subfield code="6">880-01</subfield>
<subfield code="a">Dār al-Kutub al-Miṣrīyah.</subfield>
</datafield>
<datafield tag="245" ind1="1" ind2="0">
<subfield code="6">880-02</subfield>
<subfield code="a">Fihrist al-kutub al-ʻarabīyah al-maḥfūẓah bi-al-Kutubkhānah al-Khidīwīyah.</subfield>
</datafield>
<datafield tag="260" ind1=" " ind2=" ">
<subfield code="6">880-03</subfield>
<subfield code="a">Miṣr</subfield>
<subfield code="b">[Maṭbaʻat ʻUthmān ʻAbd al-Rāziq],</subfield>
<subfield code="c">1305-1311 [1888-93]</subfield>
</datafield>
<datafield tag="300" ind1=" " ind2=" ">
<subfield code="a">7 v. in 8.</subfield>
<subfield code="c">25 cm.</subfield>
</datafield>
<datafield tag="500" ind1=" " ind2=" ">
<subfield code="a">Vol. 1, originally compiled by Ḥasanayn Muḥammad, was revised by members of the Library staff; v. 2-4 were compiled by Aḥmad al-a̤yhī and Muḥammad al-Biblāwī, v. 5 by K. Vollers and Ibrāhīm ʻIṣmat, v. 6 by Ibrāhīm ʻIṣmat, Maḥmūd Tawfīq, Muḥammad al-Biblāwī and Aḥmad al-Mayhī, v. 7 by members of the staff.</subfield>
</datafield>
<datafield tag="500" ind1=" " ind2=" ">
<subfield code="a">Vol. 1: ṭabʻah 2; v. 2-7: ṭabʻah 1.</subfield>
</datafield>
<datafield tag="650" ind1=" " ind2="0">
<subfield code="a">Arabic literature</subfield>
<subfield code="v">Bibliography</subfield>
<subfield code="v">Catalogs.</subfield>
</datafield>
<datafield tag="880" ind1="0" ind2=" ">
<subfield code="6">110-01/</subfield>
<subfield code="a">دار الكتب المصرية.</subfield>
</datafield>
<datafield tag="880" ind1="1" ind2="0">
<subfield code="6">245-02/</subfield>
<subfield code="a">فهرست الكتب العربية المحفوظة بالكتبخانه الخديويه.</subfield>
</datafield>
<datafield tag="880" ind1=" " ind2=" ">
<subfield code="6">260-03/</subfield>
<subfield code="a">مصر</subfield>
<subfield code="b">[مطبعة عثمان عبد الرازق]،</subfield>
<subfield code="c">١٣٠٥-١٣١١.</subfield>
</datafield>
<datafield tag="OWN" ind1=" " ind2=" ">
<subfield code="a">GENERAL</subfield>
</datafield>
<datafield tag="903" ind1=" " ind2=" ">
<subfield code="a">OLD</subfield>
</datafield>
<datafield tag="998" ind1=" " ind2=" ">
<subfield code="a">19931210</subfield>
<subfield code="d">19931210</subfield>
<subfield code="d">19990506</subfield>
<subfield code="n">NNU</subfield>
<subfield code="s">1</subfield>
<subfield code="t">c</subfield>
<subfield code="z">p</subfield>
</datafield>
<datafield tag="AVA" ind1=" " ind2=" ">
<subfield code="a">NYU50</subfield>
<subfield code="b">BOBST</subfield>
<subfield code="c">Main Collection</subfield>
<subfield code="d">Z965 .C1373</subfield>
<subfield code="e">unavailable</subfield>
<subfield code="t">Unavailable</subfield>
<subfield code="f">8</subfield>
<subfield code="g">8</subfield>
<subfield code="h">Y</subfield>
<subfield code="i">21</subfield>
<subfield code="j">MAIN</subfield>
<subfield code="k">0</subfield>
</datafield>
</record>
